@misc{Diffusion_Ho,
    author={Jonathan Ho, Ajay Jain, Pieter Abbeel},
    title={Denoising Diffusion Probabilistic Models},
    howpublished={\url{https://arxiv.org/abs/2006.11239}},
    year={2020}, 
    note={submitted: [v2] Wed, 16 Dec 2020 21:15:05 UTC (9,137 KB)},
    langid={english},
    eprint={arXiv:2006.11239}
}
@misc{CLIP,
    author={Alec Radford and Jong Wook Kim and Chris Hallacy and Aditya Ramesh and Gabriel Goh and Sandhini Agarwal and Girish Sastry and Amanda Askell and Pamela Mishkin and Jack Clark and Gretchen Krueger and Ilya Sutskever},
    title={Learning Transferable Visual Models From Natural Language Supervision},
    howpublished={\url{https://arxiv.org/abs/2103.00020}},
    year={2021}, 
    note={submitted: [v1] Fri, 26 Feb 2021 19:04:58 UTC (6,174 KB)},
    langid={english},
    eprint={arXiv:2103.00020}
}
@misc{LatentDiffusion,
    author={Robin Rombach and Andreas Blattmann and Dominik Lorenz and Patrick Esser and Bj√∂rn Ommer},
    title={High-Resolution Image Synthesis with Latent Diffusion Models},
    howpublished={\url{https://arxiv.org/abs/2112.10752}},
    year={2022}, 
    note={[v2] Wed, 13 Apr 2022 11:38:44 UTC (38,971 KB)},
    langid={english},
    eprint={arXiv:2112.10752}
}
@misc{GrapheneMOSFET,
    author={Schwierz, Frank},
    title={Graphene transistors},
    howpublished={\url{https://doi.org/10.1038/nnano.2010.89}},
    year={2010},
    langid={english},
    journal={Nature Nanotechnology},
    langid={english},
}